
%%%%%%%%POUR LE DOSSIER%%%%%%


@article{prost1996,
  title={X},
  author={X},
  journal={X},
  volume={33},
  number={4},
  pages={321},
  year={1996},
  publisher={X}
}

@book{gabbiani2017,
  title={X},
  author={X},
  year={2017},
  publisher={X}
}

}